@book{lshort,
  author = {Tobias Oetiker and Hubert Partl and Irene Hyna and Elisabeth Schlegl},
  publisher = {CTeX Organization},
  title = {一份 (不太) 简短的 LaTeX2e 介绍},
  year = {2024}
}